% This file was created with JabRef 2.10.
% Encoding: UTF8


@Inproceedings{Ribeiro2012,
  Title                    = {A structural analysis of emerging production systems},
  Author                   = {Luis Ribeiro and Rogerio Rosa and José Barata},
  Booktitle                = {{IEEE} 10th International Conference on Industrial Informatics, {INDIN} 2012, Beijing, China, July 25-27, 2012},
  Year                     = {2012},
  Doi                      = {10.1109/INDIN.2012.6301359},
  Pages                    = {223--228},
  Url                      = {http://dx.doi.org/10.1109/INDIN.2012.6301359},
  Bibsource                = {dblp computer science bibliography, http://dblp.org},
  Biburl                   = {http://dblp.uni-trier.de/rec/bib/conf/indin/RibeiroRB12},
  Crossref                 = {DBLP:conf/indin/2012},
  Owner                    = {hiramaral},
}


@book{Abele,
	year = {2008},
	pages = {401},
	title = {Global Production - A Handbook for Strategy and Implementation},
	editor = {Eberhard Abele and Tobias Meyer and Ulrich N{\"a}her and Gernot Strube and Richard Sykes},
	publisher = {Springer Verlag},
	Address = {Berlin--Heidelberg},
	isbn = {978-3-540-71652-5},

}

@Article{Akillioglu2013,
  Title                    = {{Demand responsive planning: workload control implementation}},
  Author                   = {Akillioglu, H and Ferreira, J and Onori, M},
  Year                     = {2013},
  Doi                      = {10.1108/AA-12-2013-040},
  ISSN                     = {0144-5154},
  Number                   = {3},
  Pages                    = {247--259},
  Volume                   = {33},
  Journal                  = {Assem. Autom.},
}

@Inproceedings{AlGeddawy2012,
  Title                    = {{A Co-Evolution Model for Prediction and Synthesis of New Products and Manufacturing Systems}},
  Author                   = {AlGeddawy, Tarek and ElMaraghy, Hoda},
  Booktitle                = {{Journal of Mechanical Design}},
  Year                     = {2012},
  Doi                      = {10.1115/1.4006439},
  Number                   = {5},
  Pages                    = {51008},
  Publisher                = {American Society of Mechanical Engineers},
  Volume                   = {134},
 Address = {USA},
  ISSN                     = {10500472},
}

@Techreport{Atkins2003,
  Title                    = {{Revolutionizing Science and Engineering Through Cyberinfrastructure: Report of the National Science Foundation Blue-Ribbon Advisory Panel on Cyberinfrastructure}},
  Author                   = {Atkins, Daniel},
  Institution              = {UA Campus Repository},
  Year                     = {2003},
  Language                 = {English},
  Location                 = {Digital Library of Information Science \& Technology (DLIST)},
  Month                    = {January},
  Pubstate                 = {Digital Library of Information Science \& Technology (DLIST)},
  Type                     = {Technical Report},
  Url                      = {http://hdl.handle.net/10150/106224},
  Address 				   = {USA},
  Urlaccessdate            = {27 set 2015},
}

@Inproceedings{Atzori2010,
  Title                    = {{The Internet of Things: A survey}},
  Author                   = {Atzori, Luigi and Iera, Antonio and Morabito, Giacomo},
  Booktitle                = {{Computer Networks}},
  Year                     = {2010},
  Doi                      = {10.1016/j.comnet.2010.05.010},
  ISBN                     = {1389-1286},
  Number                   = {15},
  Pages                    = {2787-2805},
  Publisher                = {Elsevier B.V.},
  Url                      = {http://dx.doi.org/10.1016/j.comnet.2010.05.010},
  Volume                   = {54},

  __markedentry            = {[hiramaral:6]},
  ISSN                     = {13891286},
  Owner                    = {hiramaral},
  Timestamp                = {2016.04.05}
}

@Inproceedings{Barata2006,
  Title                    = {{Evolvable Assembly and Exploiting Emergent Behaviour}},
  Author                   = {Barata, J and Onori, M},
  Booktitle                = {{Industrial Electronics, 2006 IEEE International Symposium}},
  Journal                  = {Industrial Electronics, 2006 IEEE International Symposium },
  Publisher                = {IEEE},
  Address = {USA},
  Year                     = {2006},
  Doi                      = {10.1109/ISIE.2006.296004},
  ISBN                     = {VO - 4},
  Pages                    = {3353--3360},
  Volume                   = {4},
  Timestamp                = {2016.04.05} 
}
@Inproceedings{Barata2007,
  Title                    = {{Diagnosis using Service Oriented Architectures (SOA)}},
  Author                   = {Barata, J and Ribeiro, L and Colombo, A},
  Booktitle                = {{Industrial Informatics, 2007 5th IEEE International Conference on}},
  Year                     = {2007},
  Doi                      = {10.1109/INDIN.2007.4384902},
  ISBN                     = {1935-4576},
  Pages                    = {1203--1208},
  Volume                   = {2},
  Timestamp                = {2016.04.05}
}

@Article{Barata2007a,
  Title                    = {{Diagnosis on Evolvable Assembly Systems}},
  Author                   = {Barata, J and Ribeiro, L and Onori, M},
  Year                     = {2007},
  Pages                    = {3221--3226},
  Volume                   = {00},

  __markedentry            = {[hiramaral:6]},
  ISBN                     = {1424407559},
  Journal                  = {IEEE Int. Symp. on Industrial Electronics (ISIE)},
  Owner                    = {hiramaral},
  Timestamp                = {2016.04.05}
}

@Inproceedings{Barata2007b,
  Title                    = {{Diagnosis on Evolvable Production Systems}},
  Author                   = {Barata, J and Ribeiro, L and Onori, M},
  Booktitle                = {{Industrial Electronics, 2007. ISIE 2007. IEEE International Symposium on}},
  Year                     = {2007},
  Doi                      = {10.1109/ISIE.2007.4375131},
  Pages                    = {3221--3226},
  Timestamp                = {2016.04.05}
}



@PhdThesis{BARATA2003,
  Title                    = {{Coalition Based Approach for Shop Floor Agility: A Multiagent Approach}},
  Author                   = {Barata, Jos{\'e} Ant{\^o}nio and Matos, Lu{\'i}s Camarinha},
  Year                     = {2003},
  Address                  = {Lisboa},
  Pages                    = {329},
  School                   = {Universidade Nova de Lisboa}
}

@Inproceedings{BITKOM2015,
  Title                    = {{Whitepaper FuE-Themen}},
  Author                   = {BITKOM, VDMA \& ZVEI},
  Year                     = {2015},
  Number                   = {April},
  Url                      = {http://www.plattform-i40.de/blog/industrie-40-whitepaper-fue-themen-stand-7-april-2015},
  Volume                   = {p. 59},
Publisher                = {Bundesministerium für Wirtschaft und Energie},
  Timestamp                = {2016.04.05},
    	Urlaccessdate = {27 set 2015},
}

@Article{CANDIDO2011,
  Title                    = {{Service-Oriented Infrastructure to Support the Deployment of Evolvable Production Systems}},
  Author                   = {CANDIDO, G G and Colombo, A W and Barata, J and Jammes, F},
  Year                     = {2011},
  Doi                      = {10.1109/TII.2011.2166779},
  Number                   = {4},
  Pages                    = {759--767},
  Volume                   = {7},

  __markedentry            = {[hiramaral:6]},
  ISBN                     = {1551-3203},
  Journal                  = {Industrial Informatics, IEEE Transactions on},
  Owner                    = {hiramaral},
  Timestamp                = {2016.04.05}
}

@Inproceedings{CANEDO2013,
  Title                    = {{Context-sensitive synthesis of executable functional models of cyber-physical systems}},
  Author                   = {CANEDO, Arquimedes and Schwarzenbach, Eric and {Ai Faruque}, Mohammad Abdullah},
  Booktitle                = {{2013 ACM/IEEE International Conference on Cyber-Physical Systems, ICCPS 2013}},
  Year                     = {2013},
  Doi                      = {10.1109/ICCPS.2013.6604004},
  ISBN                     = {9781450319966},
  Pages                    = {99--108},

  __markedentry            = {[hiramaral:6]},
  Owner                    = {hiramaral},
  Timestamp                = {2016.04.05}
}

@Article{CAPESVI2011,
  Title                    = {{Programa Nacional Pós-Graduação ( Pnpg ) 2010-2020}},
  Author                   = {{CAPES - Volume I}},
  Year                     = {2011},
  Pages                    = {309},
  Volume                   = {I},
  ISBN                     = {9788588468153},
   Address = { Brasil },
   Publisher                = {CAPES},
  Timestamp                = {2016.04.05},
}

@Article{CAVALCANTE2012,
  Title                    = {{When agents meet manufacturing: Paradigms and implementations}},
  Author                   = {CAVALCANTE, ANDRÉ-- and Peixoto, Joao and Pereira, Carlos},
  Year                     = {2012},
  Url                      = {http://www.cricte2004.eletrica.ufpr.br/anais/cba/2012/Artigos/98902.pdf},
  Journal                  = {cricte2004.eletrica.ufpr.br},
  Owner                    = {hiramaral},
  Timestamp                = {2016.04.05},
    	Urlaccessdate = {27 set 2015},
}

@Article{CAVALCANTE2012a,
  Title                    = {{Arquitetura Baseada Em Agentes E Auto-Organizável Para a Manufatura Arquitetura Baseada Em Agentes E Auto-Organizável Para a Manufatura}},
  Author                   = {CAVALCANTE, ANDRÉ-- Luiz Duarte},
  Year                     = {2012},

  __markedentry            = {[hiramaral:6]},
  Owner                    = {hiramaral},
  Timestamp                = {2016.04.05}
}

@Article{CHRISTENSEN1994,
  Title                    = {{Holonic Manufacturing ystem: Initial architecture and standards directions - Presented at First European Conference on Holonic Manufacturing Systems, Hannover, Germany, 1 December 1994.}},
  Author                   = {CHRISTENSEN},
  Year                     = {1994},
  Pages                    = {1--20},

  __markedentry            = {[hiramaral:6]},
  Owner                    = {hiramaral},
  Timestamp                = {2016.04.05}
}

@Article{CHRISTENSEN2012,
  Title                    = {{The IEC 61499 Function Block Standard: Overview of the Second Edition}},
  Author                   = {CHRISTENSEN, J and Strasser, T},
  Year                     = {2012},
  Url                      = {http://www.holobloc.com/papers/iec61499/61499\_ED2\_OVW.pdf},

  __markedentry            = {[hiramaral:6]},
  Journal                  = {ISA Automation --},
  Owner                    = {hiramaral},
  Timestamp                = {2016.04.05}
}

@Article{CHRISTENSEN2003,
  Title                    = {{HMS / FB Architecture and its Implementation}},
  Author                   = {CHRISTENSEN, James H},
  Year                     = {2003},
  Pages                    = {53--83},

  __markedentry            = {[hiramaral:6]},
  ISBN                     = {3540440690},
  Journal                  = {Agent-based manufacturing: advances in holonic approach},
  Owner                    = {hiramaral},
  Timestamp                = {2016.04.05}
}

@Article{CHRISTENSEN2002,
  Title                    = {{METHODOLOGIES AND SOFTWARE TOOLS}},
  Author                   = {CHRISTENSEN, James H},
  Year                     = {2002},
  Volume                   = {65},

  __markedentry            = {[hiramaral:6]},
  Owner                    = {hiramaral},
  Timestamp                = {2016.04.05}
}

@Inproceedings{CNI2013a,
  Title                    = {{Mapa Estratégico Resumido (2013 -- 2022)}},
  Author                   = {{CONFEDERAÇÃO NACIONAL DA INDÚSTRIA-- CNI}},
  Year                     = {2013},
  ISBN                     = {9788579570889},
  Address = { Brasil },
  Publisher                = { CNI},
  Timestamp                = {2016.04.05}
}

@Inproceedings{CNI2013,
  Title                    = {{Mapa Estratégico 2013 -- 2022}},
  Author                   = {{CONFEDERAÇÃO NACIONAL DA INDÚSTRIA -- CNI}},
  Year                     = {2013},
  ISBN                     = {9788579570957},
   Address = { Brasil },
   Publisher                = {CNI},
    Timestamp                = {2016.04.05}
}

@book{DAVIS1997,
	title={Future perfect},
	author={Davis, S.M.},
	isbn={9780201590456},
	lccn={96008111},
	url={https://books.google.com.br/books?id=5RJZAAAAYAAJ},
	year={1997},
	publisher={Addison-Wesley Publishing},
	  	Urlaccessdate = {27 set 2015},
}


@Article{DRATH2014,
  Title                    = {{Industrie 4.0: Hit or hype-- [Industry Forum]}},
  Author                   = {DRATH, RAINER and HORCH, ALEXNDER},
  Year                     = {2014},
  Doi                      = {10.1109/MIE.2014.2312079},
  ISSN                     = {19324529},
  Number                   = {June},
  Pages                    = {56--58},
  Volume                   = {8},
  Booktitle                = {{IEEE Industrial Electronics Magazine}},
  File                     = {:C$\backslash$:/Users/Hiram Amaral3/AppData/Local/Mendeley Ltd./Mendeley Desktop/Downloaded/Drath, Horch - 2014 - Industrie 4.0 Hit or hype Industry Forum.pdf:pdf},
  Owner                    = {hiramaral},
  Timestamp                = {2016.04.05}
}

@Inproceedings{ELMARAGHY2006,
  Title                    = {{Flexible and reconfigurable manufacturing systems paradigms}},
  Author                   = {{ELMARAGHY}, Hoda a.},
  Booktitle                = {{Flexible Services and Manufacturing Journal}},
  Year                     = {2006},
  Doi                      = {10.1007/s10696-006-9028-7},
  ISBN                     = {1069600690287},
  Pages                    = {261--276},
  Volume                   = {17},
  ISSN                     = {19366590},
  Timestamp                = {2016.04.05}
}

@Inproceedings{ELMARAGHY1982,
  Title                    = {{Simulation and graphical animation of advanced manufacturing systems}},
  Author                   = {ELMARAGHY, HODA A.},
  Booktitle                = {{Journal of Manufacturing Systems}},
   Address = {Ontario, Canada},
  Year                     = {1982},
  Month                    = {jan},
  Number                   = {1},
  Pages                    = {53--63},
  Url                      = {http://www.sciencedirect.com/science/article/pii/S0278612582800678},
  Volume                   = {1},
  Publisher                = { Journal of Manufacturing Systems},
  ISSN                     = {02786125},
  Timestamp                = {2016.04.05},
    	Urlaccessdate = {27 set 2015},
}
@Article{EUROPEANCOMMISSION2015,
  Title                    = {{Horizon 2020 work programme 2014 -- 2015 Leadership in enabling and industrial technologies Information and Communication Technologies Revised Consolidated version following ( European Commission Decision C ( 2015 ) 2453 of 17 April 2015 )}},
  Author                   = {{EUROPEAN COMMISSION}},
  Year                     = {2015},
  Number                   = {April},
  Volume                   = {2015},

  __markedentry            = {[hiramaral:6]},
  Owner                    = {hiramaral},
  Timestamp                = {2016.04.05}
}

@Article{H2020,
  Title                    = {{Horizon 2020 work programme 2014 -- 2015 Leadership in enabling and industrial technologies Information and Communication Technologies Revised Consolidated version following ( European Commission Decision C ( 2015 ) 2453 of 17 April 2015 )}},
  Author                   = {{EUROPEAN COMMISSION}},
  Year                     = {2015},
  Number                   = {April},
  Volume                   = {2015}
}

@Inproceedings{EUROPEANCOMMISSION2010,
  Title                    = {{EU - A Strategy for smart, sustainable and inclusive growth 2010-2020}},
  Author                   = {{EUROPEAN COMMISSION}},
  Booktitle                = {{COMMUNICATION FROM THE COMMISISON -EU}},
  Year                     = {2010},

  __markedentry            = {[hiramaral:6]},
  Owner                    = {hiramaral},
  Timestamp                = {2016.04.05}
}

@Inproceedings{FERREIRA2014,
  Title                    = {{Symbiotic assembly systems - A new paradigm}},
  Author                   = {FERREIRA, Pedro and Doltsinis, Stefanos and Lohse, Niels},
  Booktitle                = {{Procedia CIRP}},
  Year                     = {2014},
  Doi                      = {10.1016/j.procir.2014.01.066},
  Pages                    = {26--31},
  Volume                   = {17},
 Address = {UK },
 Publisher                = {Elsevier B.V. },
  Timestamp                = {2016.04.05}
}

@Inproceedings{FERREIRA2012,
  Title                    = {{Skill based configuration methodology for evolvable mechatronic systems}},
  Author                   = {FERREIRA, P and Lohse, N and Razgon, M and Larizza, P and Triggiani, G},
  Booktitle                = {{IECON 2012 - 38th Annual Conference on IEEE Industrial Electronics Society}},
  Year                     = {2012},
  Doi                      = {10.1109/IECON.2012.6389186},
  ISBN                     = {1553-572X},
  Pages                    = {4366--4371},

  __markedentry            = {[hiramaral:6]},
  Owner                    = {hiramaral},
  Timestamp                = {2016.04.05}
}

@Article{FIPA2013,
  Title                    = {{The foundation for intelligent physical agents}},
  Author                   = {{FOUNDATION FOR INTELLIGENT PHYSICAL AGENTS}},
  Year                     = {2013},
  Url                      = {http://www.fipa.org/},
  Journal                  = {IEEE Computer Soceity},
  Timestamp                = {2016.04.05},
    	Urlaccessdate = {27 set 2015},
}

@Article{FIPA2002a,
  Title                    = {{FIPA Agent Management Specification}},
  Author                   = {{FIPA}},
  Year                     = {2002},
  Url                      = {http://www.fipa.org/specs/fipa00023/SC00023K.pdf},
  	Urlaccessdate = {27 set 2015},

}


@Article{FIPA2002b,
	Title                    = {{FIPA Interaction Protocol Library Specification }},
	Author                   = {{FIPA}},
	Year                     = {2002},
	Url                      = {http://www.fipa.org/specs/fipa00025/DC00025F.pdf},
	Urlaccessdate = {27 set 2015},
	
}
	
	@Article{FIPA2002c,
	Title                    = {{FIPA Request Interaction Protocol Specification}},
	Author                   = {{FIPA}},
	Year                     = {2002},
	Url                      = {http://www.fipa.org/specs/fipa00026/SC00026H.pdf},
		Urlaccessdate = {27 set 2015},
}	

@Inproceedings{FREI2006,
  Title                    = {{Evolvable Assembly Systems - Basic Principles}},
  Author                   = {FREI, REGINA},
  Year                     = {2006},
  Pages                    = {1--12},
  
  Url                      ={ http://dl.ifip.org/db/conf/ifip5-3/basys2006/OnoriBF06.pdf},
 Address = { European Comission },
 Publisher                = {KTH},
  Timestamp                = {2016.04.05},
    	Urlaccessdate = {27 set 2015},
}

@INPROCEEDINGS{FREI2007, 
	author={R. Frei and J. Barata and M. Onori}, 
	booktitle={2007 IEEE International Symposium on Industrial Electronics}, 
	title={Evolvable Production Systems Context and Implications}, 
	year={2007}, 
	pages={3233-3238}, 
	doi={10.1109/ISIE.2007.4375132}, 
	ISSN={2163-5137}, 
	month={June},
	Publisher                = {2007 IEEE International Symposium on Industrial Electronics},
	Address = { USA },
    Timestamp                = {2016.04.05},
}

@Inproceedings{FREI2008,
  Title                    = {{Designing Self-Organization for Evolvable Assembly Systems}},
  Author                   = {FREI, R and {Di Marzo Serugendo}, G and Barata, J},
  Booktitle                = {{Self-Adaptive and Self-Organizing Systems, 2008. SASO '08. Second IEEE International Conference on}},
  Year                     = {2008},
  Doi                      = {10.1109/SASO.2008.20},
  Pages                    = {97--106},

  __markedentry            = {[hiramaral:6]},
  Owner                    = {hiramaral},
  Timestamp                = {2016.04.05}
}

@Inproceedings{FREI2010,
  Title                    = {{Implementing self-organisation and self-management in evolvable assembly systems}},
  Author                   = {FREI, R and {Di Marzo Serugendo}, G and Pereira, N and Belo, J and Barata, J},
  Booktitle                = {{Industrial Electronics (ISIE), 2010 IEEE International Symposium on}},
  Year                     = {2010},
  Doi                      = {10.1109/ISIE.2010.5637273},
  Pages                    = {3527--3532},

  __markedentry            = {[hiramaral:6]},
  Owner                    = {hiramaral},
  Timestamp                = {2016.04.05}
}

@Inproceedings{FREI2007a,
  Title                    = {{Evolvable Assembly Systems: Towards User Friendly Manufacturing}},
  Author                   = {FREI, R and Ribeiro, L and Barata, J and Semere, D},
  Booktitle                = {{Assembly and Manufacturing, 2007. ISAM '07. IEEE International Symposium on}},
  Year                     = {2007},
  Doi                      = {10.1109/ISAM.2007.4288487},
  Pages                    = {288--293},

  __markedentry            = {[hiramaral:6]},
  Owner                    = {hiramaral},
  Timestamp                = {2016.04.05}
}

@Article{FREI2011,
  Title                    = {{Self-organizing assembly systems}},
  Author                   = {FREI, R and Serugendo, G Di Marzo},
  Year                     = {2011},

  __markedentry            = {[hiramaral:6]},
  Journal                  = {Systems, Man, and --},
  Owner                    = {hiramaral},
  Timestamp                = {2016.04.05}
}

@Article{FREI2010a,
  Title                    = {{Ambient intelligence in self-organising assembly systems using the chemical reaction model}},
  Author                   = {FREI, Regina and Serugendo, Giovanna Di Marzo and erbuanuua, Traian Florin},
  Year                     = {2010},
  Pages                    = {163--184},

  __markedentry            = {[hiramaral:6]},
  Journal                  = {Journal of Ambient Intelligence and Humanized Computing},
  Owner                    = {hiramaral},
  Timestamp                = {2016.04.05}
}

@Article{GermanCommissionforElectricalVDE2014,
  Title                    = {{DKE standardization the german standardization roadmap}},
  Author                   = {{German Commission for Electrical VDE}, Electronic \& Information Technologies of DIN},
  Year                     = {2014},
  Pages                    = {1--60},
  Volume                   = {0},
  Timestamp                = {2016.04.05}
}

 
@Techreport{OMAC2006,
Title                    = {{Packaging Machine Language V3.0 Mode \& States}},
Author                   = {David Arens and Thomas Hopfgartner and Tom Jensen and Mike Lamping and Mike Pieper and Dan Seger },
Journal                  = {OMAC Users Group},
Year                     = {2006},
 Url                      = {https://www.isa.org/pdfs/microsites1158/packml-definition-document-v3-0-final/},
 Address 				   = {USA},
 Urlaccessdate            = {27 set 2015},

}

@Article{VDE2014,
  Title                    = {{DKE standardization the german standardization roadmap}},
  Author                   = {{GERMAN COMMISSION FOR ELECTRICAL -- VDE}, Electronic \& Information Technologies of DIN},
  Year                     = {2014},
  Pages                    = {1--60},
  Volume                   = {0}
}

@Inproceedings{GILL2005,
  Title                    = {{Challenges for critical embedded systems}},
  Author                   = {GILL, HELLEN},
  Booktitle                = {{Proceedings - International Workshop on Object-Oriented Real-Time Dependable Systems, WORDS}},
  Year                     = {2005},
  Doi                      = {10.1109/WORDS.2005.21},
  ISBN                     = {0769523471},
  Pages                    = {7--9},
  Address = {VA, USA },
  Publisher                = { National Sci. Found},
  Timestamp                = {2016.04.05},
}

@Book{GROOVER2011,
  Title                    = {{Automação Industrial e Sistemas de Manufatura}},
  Author                   = {GROOVER, Mikell P},
  Year                     = {2011},
  ISBN                     = {978-85-7605-871-7},
  Pages                    = {581},
  Publisher                = {Pearson Prentice Hall},
  Address                 = {São Paulo, Brasil},
  Timestamp           = {2016.04.05},
}

@Inproceedings{GUSTAVO2007,
  Title                    = {{Customização em massa na indústria automotiva : Os Casos SCANIA e RANDON}},
  Author                   = {GUSTAVO, ANDR-- and MACHADO, CARVALHO},
  Year                     = {2007},
  Pages                    = {1--18},
  Timestamp                = {2016.04.05},
}

@Inproceedings{HAKEN2009,
  Title                    = {{Information and Self-Organization: A Macroscopic Approach to Complex Systems, (3rd enlarged ed.). H. Haken. (2006, Springer.) \&\#8364;79.95 (hardcover), 262 pages. ISBN: 978-3-540-33021-9}},
  Author                   = {HAKEN},
  Booktitle                = {{Artificial Life}},
  Year                     = {2009},
  Doi                      = {10.1162/artl.2009.Prokopenko.B4},
  ISBN                     = {1064-5462 VO - 15},
  Number                   = {3},
  Pages                    = {377--383},
  Volume                   = {15},
  Timestamp                = {2016.04.05}
}

@Inproceedings{KOREN1999,
  Title                    = {{Reconfigurable Manufacturing Systems}},
  Author                   = {KOREN, Y. and Heisel, U. and Jovane, F. and Moriwaki, T. and Pritschow, G. and Ulsoy, G. and {Van Brussel}, H.},
  Booktitle                = {{CIRP Annals - Manufacturing Technology}},
  Year                     = {1999},
  Doi                      = {10.1016/S0007-8506(07)63232-6},
  ISBN                     = {0007-8506},
  Number                   = {2},
  Pages                    = {527--540},
  Url                      = {http://www.sciencedirect.com/science/article/pii/S0007850607632326},
  Volume                   = {48},
  Timestamp                = {2016.04.05},
    	Urlaccessdate = {27 set 2015},
}

@Book{LARMAN2007,
  Title                    = {Utilizando UML e padrões: Uma introdução à aná¡lise e ao projeto orientados a objetos e ao desenvolvimento iterativo. Tradução de Rosana Vaccare Braga [et al.]},
  Author                   = {LARMAN, CRAIG},
  Date                     = {2007},
  Year                     = {2007},
  Edition                  = {3a. Ed.},
  Address                  = {Porto Alegre},
  Opteditor                = {CIP -- Brasil},
  Opteditora               = {Elsevier},
  Opteditorb               = {editorb},
  Opteditorc               = {editorc},
  Opteprint                = {eprint},
  Opteprintclass           = {eprintclass},
  Opteprinttype            = {eprinttype},
  Optforeword              = {foreword},
  Optintroduction          = {introduction},
  Optisbn                  = {978-85-60031-52-8},
  Optlanguage              = {language},
  Optlocation              = {Rio de Janeiro},
  Opttranslator            = {Rosana Vaccare Braga... [et al.]},
  Owner                    = {hiramaral},
  Timestamp                = {2016.04.05}
}

@Inproceedings{LEE2009,
  Title                    = {{Finite State Machines and Modal Models in Ptolemy II}},
  Author                   = {LEE, EDWARD A.},
  Year                     = {2009},
  Timestamp                = {2016.04.05},
}

@Inproceedings{LEE2008,
  Title                    = {{Heterogeneous Concurrent Modeling and Design in Java: Introduction to Ptolemy II )}},
  Author                   = {LEE, EDWARD and Stephen Neuendorffer },
  Year                     = {2008},
  Volume                   = {1},
  Address                    = { USA },
     Publisher                = {EECS Department, University of California, Berkeley},
  Timestamp                = {2016.04.05},
}

@Inproceedings{LEE2011,
  Title                    = {{Introduction to embedded systems: a cyber-physical systems approach}},
  Author                   = {LEE, EDWARD Ashford and Seshia, Sanjit a},
  Year                     = {2011},
  ISBN                     = {9780557708574 0557708575},
  Timestamp                = {2016.04.05}
}

@Inproceedings{LEE2005,
  Title                    = {{Operational Semantics of Hybrid Systems}},
  Author                   = {LEE, Edward A and Zheng, Haiyang},
  Year                     = {2005},
  Pages                    = {25--53},
  Timestamp                = {2016.04.05}
}

@Inproceedings{MAFFEI2011,
  Title                    = {{Evolvable production systems: A new business environment}},
  Author                   = {MAFFEI, A},
  Booktitle                = {{Assembly and Manufacturing (ISAM), 2011 IEEE International Symposium on}},
  Year                     = {2011},
  Doi                      = {10.1109/ISAM.2011.5942341},
  ISBN                     = {Pending},
  Pages                    = {1--5},
   Address = { USA },
   Publisher                = { IEEE},
  Timestamp                = {2016.04.05},
}

@Inproceedings{MAFFEI2013,
  Title                    = {{Characterization of Costs and Strategies for Automation in Evolvable Production Systems}},
  Author                   = {MAFFEI, A and Akillioglu, H and Flores, L},
  Booktitle                = {{Systems, Man, and Cybernetics (SMC), 2013 IEEE International Conference on}},
  Year                     = {2013},
  Doi                      = {10.1109/SMC.2013.828},
  Pages                    = {4866--4871},
  Address = { USA },
  Publisher                = { IEEE},
  Timestamp                = {2016.04.05},
   
}

@Inproceedings{MAFFEI2011a,
  Title                    = {{Emerging Behavior as driver for the sustainability of a modular, \&\#x201C;skills-centric\&\#x201D; production system}},
  Author                   = {MAFFEI, A and Akilliuglu, H and Neves, P and Ferreira, J and Onori, M},
  Booktitle                = {{AFRICON, 2011}},
  Year                     = {2011},
  Doi                      = {10.1109/AFRCON.2011.6072121},
  ISBN                     = {2153-0025},
  Pages                    = {1--6},
  Timestamp                = {2016.04.05},
}

@Inproceedings{MAFFEI2010,
  Title                    = {{From Flexibility to true Evolvability : an introduction to the basic requirements}},
  Author                   = {MAFFEI, Antonio and Hofmann, Andreas},
  Booktitle                = {{Industrial Electronics (ISIE), 2010 IEEE International Symposium on}},
  Year                     = {2010},
  Doi                      = {10.1109/ISIE.2010.5637821},
  ISBN                     = {9781424463923},
  Pages                    = {2658--2663},
  Timestamp                = {2016.04.05},
}
@Inproceedings{MAFFEI2013j,
  Title                    = {{Identification of the value proposition of an evolvable production system}},
  Author                   = {MAFFEI, A and Neves, P and Onori, M},
  Booktitle                = {{Mechatronics and its Applications (ISMA), 2013 9th International Symposium on}},
  Year                     = {2013},
  Doi                      = {10.1109/ISMA.2013.6547366},
   Address = { USA },
   Publisher                = { ISMA},
  Pages                    = {1--6}
}

@Inproceedings{MAFFEI2009,
  Title                    = {{A preliminary study of business model for evolvable production systems}},
  Author                   = {MAFFEI, A and Onori, M},
  Booktitle                = {{Assembly and Manufacturing, 2009. ISAM 2009. IEEE International Symposium on}},
  Year                     = {2009},
  Doi                      = {10.1109/ISAM.2009.5376969},
  Pages                    = {402--407},
   Address = { USA },
   Publisher                = { IEEE},
  Timestamp                = {2016.04.05},
}

@Incollection{MAFFEI2010a,
  Title                    = {{Evolvable Production Systems: Mechatronic Production Equipment with Evolutionary Control}},
  Author                   = {MAFFEI, Antonio and Onori, Mauro and Neves, Pedro and Barata, JosÃ©},
  Booktitle                = {{Emerging Trends in Technological Innovation}},
  Year                     = {2010},
  Pages                    = {133--142},
  Publisher                = {Springer},
  Timestamp                = {2016.04.05},
}

@Inproceedings{MONTEBELO2000,
  Title                    = {{SRAT ( Systematic Review Automatic Tool ) --Uma Ferramenta Computacional de Apoio à Revisão Sistemáticatica}},
  Author                   = {MONTEBELO, Renan and Orlando, Alex and Porto, Daniel and Zaniro, Dênis and Fabbri, Sandra},
  Year                     = {2000},
  Pages                    = {13--22},
    Address = { Brasil },
    Publisher                = {UFSCar},
  Timestamp                = {2016.04.05},
}

@Inproceedings{MUNZLINGER2012,
  Title                    = {{Sistematização de revisões bibliográficas em pesquisas da á¡rea de IHC}},
  Author                   = {MUNZLINGER, Elizabete and Narcizo, Fabricio Batista and de Queiroz, José Eustáquio Rangel},
  Booktitle                = {{Proceedings of the 11 Brazilian Symposium on on Human Factors in Computing Systems}},
  Year                     = {2012},
  ISBN                     = {9788576692621},
  Pages                    = {51--54},
  Url                      = {http://goo.gl/UT0liI},
  Volume                   = {5138},
  Publisher                = {UFCG},
  Timestamp                = {2016.04.05},
    	Urlaccessdate = {27 set 2015},
}

@Inproceedings{NAHER2008,
  Title                    = {{Global Production: A Handbook for strategy and implementation}},
  Author                   = {NAHER, Eberhard Abele ANDTobias Meyer AND Ulrich and Sykes, Gernot Strube AND Richard},
  Year                     = {2008},
  ISBN                     = {9783540716525},
  Pages                    = {p. 410},
  Publisher                = {Springer},
   Address = { Berlin Heidelberg },
  Timestamp                = {2016.04.05},
}

@Inproceedings{NATIONALSCIENCEFOUNDATIONNFS2014,
  Title                    = {{Cyber-Physical Systems PROGRAM SOLICITATION NSF 15-541 REPLACES DOCUMENT ( S ):}},
  Author                   = {{NATIONAL SCIENCE FOUNDATION -NFS}},
  Year                     = {2014},
  Pages                    = {1--20},
  Timestamp                = {2016.04.05},
}

@Inproceedings{NEVES2013,
  Title                    = {{Prospection of Methods to Support Design and Configuration of Self-Organizing Mechatronic Systems}},
  Author                   = {NEVES, P and Ferreira, J and Onori, M and Ribeiro, L and Barata, J},
  Booktitle                = {{Systems, Man, and Cybernetics (SMC), 2013 IEEE International Conference on}},
  Year                     = {2013},
  Doi                      = {10.1109/SMC.2013.658},
     Address = {USA},
     Publisher                = {IEEE},
  Pages                    = {3854--3861},
}

@Techreport{NITRDGROUPS2010,
Title                    = {{Cybersecurity Game-Change Research \& Development Recommendations}},
Author                   = {NITRDGROUPS},
Year                     = {2010},
Timestamp                = {2016.04.05},
 Address = {USA},
 Publisher                = {NITRD},
}

@Article{NITRDGROUPS2003,
  Title                    = {{Cyber Physical Systems (CPS) Vision Statement.pdf}},
  Author                   = {Nitrdgroups(CPS)},
  Year                     = {2003},
  Doi                      = {10.1515/9781400821334.toc},
  Eprint                   = {arXiv:1012.5461v2},
  ISSN                     = {1505-1773},
  Archiveprefix            = {arXiv},
  Arxivid                  = {arXiv:1012.5461v2},
  Owner                    = {hiramaral},
  Pmid                     = {19886255},
  Timestamp                = {2016.04.05},
}

@Inproceedings{ONORI2002,
  Title                    = {{Evolvable Assembly Systems -- A New Paradigm -- Proc. 33rd Int. Symp. Robot., pp. 617--622, 2002.,}},
  Author                   = {ONORI, M.},
  Year                     = {2002},
     Address = { Stockholm, Sweden},
     Publisher                = {International Symposium on Robotics },
  Timestamp                = {2016.04.05},
}

@Article{ONORI2010,
  Title                    = {{Evolvable Production Systems: New domains within mechatronic production equipment}},
  Author                   = {ONORI, M and Barata, J},
  Year                     = {2010},
  Doi                      = {10.1109/ISIE.2010.5637827},
  Pages                    = {2653--2657},
  Booktitle                = {{Industrial Electronics (ISIE), 2010 IEEE International Symposium on}},
  Owner                    = {hiramaral},
  Timestamp                = {2016.04.05},
}

@Article{ONORI2012,
  Title                    = {{The IDEAS project: plug \&amp; produce at shop-floor level}},
  Author                   = {ONORI, Mauro and Lohse, Niels and Barata, Jose and Hanisch, Christoph},
  Year                     = {2012},
  Doi                      = {10.1108/01445151211212280},
  ISSN                     = {0144-5154},
  Pages                    = {124--134},
  Volume                   = {32},
  Booktitle                = {{Assembly Automation}},
  ISBN                     = {0144-5154},
  Owner                    = {hiramaral},
  Timestamp                = {2016.04.05},
}

@Article{ONORI2012a,
  Title                    = {{The IDEAS project: plug \& produce at shop-floor level}},
  Author                   = {ONORI, Mauro and Lohse, Niels and Barata, Jose and Hanisch, Christoph},
  Year                     = {2012},
  Number                   = {2},
  Pages                    = {124--134},
  Url                      = {http://www.emeraldinsight.com/10.1108/01445151211212280},
  Volume                   = {32},
  Journal                  = {Assembly Automation},
  Owner                    = {hiramaral},
  Timestamp                = {2016.04.05},
}

@Inproceedings{PRESIDENCIADAREPUBLICA2014,
  Title                    = {{Discurso da Presidenta da República, Dilma Rousseff , durante a reunião do Conselho de Ciência e Tecnologia e Mobilização Empresarial pela Inovação ( MEI )}},
  Author                   = {{PRESIDÊNCIA DA REPÚBLICA}},
  Year                     = {2014},
  Pages                    = {1--12},
  Timestamp                = {2016.04.05},
}

@Inproceedings{PRESIDENCIADAREPUBLICA2014a,
  Title                    = {{Decreto 8269 - Plataformas de Conhecimento - Presidência da República}},
  Author                   = {{PRESIDÊNCIA DA REPÚBLICA}},
  Year                     = {2014},
  Pages                    = {2--5},
  Timestamp                = {2016.04.05},
}

@Article{QUINTELA2005,
  Title                    = {{Aplicação da tecnologia da informação na customização em massa no setor de telecomunicaões}},
  Author                   = {QUINTELA, Heitor M. Dario José Braga Paim Carlos Pestana},
  Year                     = {2005},
  Pages                    = {p. 20},
  Timestamp                = {2016.04.05},
}

@Inproceedings{RIBEIRO2010,
  Title                    = {{An insight into the sialome of blood-feeding Nematocera.}},
  Author                   = {RIBEIRO, José M C and Mans, Ben J and Arcã , Bruno},
  Booktitle                = {{Insect biochemistry and molecular biology}},
  Year                     = {2010},
  Doi                      = {10.1016/j.ibmb.2010.08.002},
  Month                    = nov,
  Number                   = {11},
  Pages                    = {767--84},
  Volume                   = {40}
}

@Article{RIBEIRO2013,
  Title                    = {{Self-organizing multiagent mechatronic systems in perspective}},
  Author                   = {RIBEIRO, LUIS and BARATA, JOSÉ},
  Year                     = {2013},
  Doi                      = {10.1109/INDIN.2013.6622916},
  ISSN                     = {19354576},
  Pages                    = {392--397},
  Url                      = {http://ieeexplore.ieee.org/ielx7/6599026/6622844/06622916.pdf},
  ISBN                     = {9781479907526},
  Journal                  = {IEEE International Conference on Industrial Informatics (INDIN)},
  Owner                    = {hiramaral},
  Timestamp                = {2016.04.05},
}

@Inproceedings{RIBEIRO2012,
  Title                    = {{IMS 10------Validation of a co-evolving diagnostic algorithm for evolvable production systems}},
  Author                   = {RIBEIRO, Luis and Barata, Jose},
  Booktitle                = {{Engineering Applications of Artificial Intelligence}},
  Year                     = {2012},
  Doi                      = {10.1016/j.engappai.2012.02.008},
  ISBN                     = {0952-1976},
  Month                    = {sep},
  Number                   = {6},
  Pages                    = {1142--1160},
  Url                      = {http://www.sciencedirect.com/science/article/pii/S0952197612000450},
     Address = { uninova },
     Publisher                = { Elsevier},
  Volume                   = {25},
}


@Inproceedings{RIBEIRO2011,
  Title                    = {{Re-thinking diagnosis for future automation systems: An analysis of current diagnostic practices and their applicability in emerging IT based production paradigms}},
  Author                   = {RIBEIRO, Luis and Barata, Jose},
  Booktitle                = {{Computers in Industry}},
  Year                     = {2011},
  Doi                      = {10.1016/j.compind.2011.03.001},
  ISBN                     = {0166-3615},
  Number                   = {7},
  Pages                    = {639--659},
  Volume                   = {62}
}

@Inproceedings{RIBEIRO2011a,
  Title                    = {{Prospecting tools for mechatronic multiagent-based systems}},
  Author                   = {RIBEIRO, L and Barata, J},
  Booktitle                = {{Industrial Informatics (INDIN), 2011 9th IEEE International Conference on}},
  Year                     = {2011},
  Doi                      = {10.1109/INDIN.2011.6034904},
  Pages                    = {369--374},
  Url                      = {http://ieeexplore.ieee.org/ielx5/6029399/6034824/06034904.pdf--tp=\&arnumber=6034904\&isnumber=6034824},
  Timestamp                = {2016.04.05},
}

@Inproceedings{RIBEIRO2010a,
  Title                    = {{Exploring the network dimension of diagnosis in Evolvable Production Systems}},
  Author                   = {RIBEIRO, L and Barata, J and Alves, B},
  Booktitle                = {{Emerging Technologies and Factory Automation (ETFA), 2010 IEEE Conference on}},
  Year                     = {2010},
  Doi                      = {10.1109/ETFA.2010.5641349},
  ISBN                     = {1946-0740},
  Pages                    = {1--6},
  Timestamp                = {2016.04.05},
}

@Inproceedings{RIBEIRO2011b,
  Title                    = {{Diagnosis in Networks of Mechatronic Agents: Validation of a Fault Propagation Model and Performance Assessment}},
  Author                   = {RIBEIRO, L and Barata, J and Alves, B and Ferreira, J},
  Booktitle                = {{Technological Innovation for Sustainability}},
  Year                     = {2011},
  ISBN                     = {1868-4238},
  Pages                    = {205--214},
  Volume                   = {349},
  Keywords                 = {agent-based manufacturing; complex systems; diagnosis; evolvable systems; systems},
  Owner                    = {hiramaral},
  Timestamp                = {2016.04.05},
}

@Inproceedings{RIBEIRO2010b,
  Title                    = {{Global Vs Local: A Comparison of Two Approaches to Perform Diagnosis in Networks of Mechatronic Agents}},
  Author                   = {RIBEIRO, L and Barata, J and Alves, B and Ferreira, J},
  Booktitle                = {{Self-Adaptive and Self-Organizing Systems (SASO), 2010 4th IEEE International Conference on}},
  Year                     = {2010},
  Doi                      = {10.1109/SASO.2010.36},
  Pages                    = {84--93},
  Timestamp                = {2016.04.05},
}

@Inproceedings{RIBEIRO2009,
  Title                    = {{Supporting agile supply chains using a service-oriented shop floor}},
  Author                   = {RIBEIRO, Luis and Barata, Jose and Colombo, Armando},
  Booktitle                = {{Engineering Applications of Artificial Intelligence}},
  Year                     = {2009},
  Doi                      = {10.1016/j.engappai.2008.10.023},
  Month                    = sep,
  Number                   = {6},
  Pages                    = {950--960},
  Volume                   = {22},
  ISSN                     = {09521976},
  Owner                    = {hiramaral},
  Timestamp                = {2016.04.05},
}

@Inproceedings{RIBEIRO2008,
  Title                    = {{MAS and SOA: A Case Study Exploring Principles and Technologies to Support Self-Properties in Assembly Systems}},
  Author                   = {RIBEIRO, Luis and Barata, Jose and Colombo, Armando},
  Booktitle                = {{Self-Adaptive and Self-Organizing Systems Workshops, 2008. SASOW 2008. Second IEEE International Conference on}},
  Year                     = {2008},
  Doi                      = {10.1109/SASOW.2008.41},
  ISBN                     = {9780769535531},
  Pages                    = {192--197},
  Timestamp                = {2016.04.05},
}

@Inproceedings{RIBEIRO2008a,
  Title                    = {{A generic communication interface for DPWS-based web services}},
  Author                   = {RIBEIRO, L and Barata, J and Colombo, A and Jammes, F},
  Booktitle                = {{Industrial Informatics, 2008. INDIN 2008. 6th IEEE International Conference on}},
  Year                     = {2008},
  Doi                      = {10.1109/INDIN.2008.4618204},
  ISBN                     = {1935-4576},
  Pages                    = {762--767},
  File                     = {:C$\backslash$:/Users/Hiram Amaral3/AppData/Local/Mendeley Ltd/Mendeley Desktop/Downloaded/Ribeiro-2008-A generic communicat(7).pdf:pdf},
  Owner                    = {hiramaral},
  Timestamp                = {2016.04.05},
}

@Article{RIBEIRO2008b,
  Title                    = {{An architecture for a fault tolerant highly reconfigurable shop floor}},
  Author                   = {RIBEIRO, Luí­s and Barata, José and Ferreira, Bruno and Pires, Jorge},
  Year                     = {2008},
  Doi                      = {10.1109/INDIN.2008.4618284},
  ISSN                     = {19354576},
  Pages                    = {1194--1199},
  ISBN                     = {9781424421718},
  Journal                  = {IEEE International Conference on Industrial Informatics (INDIN)},
  Owner                    = {hiramaral},
  Timestamp                = {2016.04.05},
}

@Inproceedings{RIBEIRO2010c,
  Title                    = {{An agent-based interaction-oriented shop floor to support emergent diagnosis}},
  Author                   = {RIBEIRO, L and Barata, J and Ferreira, J},
  Booktitle                = {{Industrial Informatics (INDIN), 2010 8th IEEE International Conference on}},
  Year                     = {2010},
  Doi                      = {10.1109/INDIN.2010.5549436},
  Pages                    = {189--194},
  Timestamp                = {2016.04.05}
}

@Inproceedings{RIBEIRO2010d,
  Title                    = {{Emergent diagnosis for Evolvable Production Systems}},
  Author                   = {RIBEIRO, Luis and Barata, José and Ferreira, João},
  Booktitle                = {{Industrial Electronics (ISIE), 2010 IEEE International Symposium on}},
  Year                     = {2010},
  Doi                      = {10.1109/ISIE.2010.5637853},
  ISBN                     = {9781424463923},
  Pages                    = {2647--2652},
  Timestamp                = {2016.04.05}
}

@Inproceedings{Ribeiro2011,
  Title                    = {Self-organization in automation - the IDEAS pre-demonstrator},
  Author                   = {L. Ribeiro and J. Barata and M. Onori and C. Hanisch and J. Hoos and R. Rosa},
  Booktitle                = {IECON 2011 - 37th Annual Conference on IEEE Industrial Electronics Society},
  Year                     = {2011},
  Doi                      = {10.1109/IECON.2011.6119747},
  Month                    = {Nov},
  Pages                    = {2752-2757},
  ISSN                     = {1553-572X},
  Timestamp                = {2016.04.05},
}

@Inproceedings{RIBEIRO2011c,
  Title                    = {{Self-organization in automation - the IDEAS pre-demonstrator}},
  Author                   = {RIBEIRO, L and Barata, J and Onori, M and Hanisch, C and Hoos, J and Rosa, R},
  Booktitle                = {{IECON 2011 - 37th Annual Conference on IEEE Industrial Electronics Society}},
  Year                     = {2011},
  Doi                      = {10.1109/IECON.2011.6119747},
  ISBN                     = {1553-572X},
  Pages                    = {2752--2757},
  Timestamp                = {2016.04.05},
}

@Inproceedings{RIBEIRO2011d,
  Title                    = {{Where evolvable production systems meet complexity science}},
  Author                   = {RIBEIRO, Luis and Barata, Jose and Pimentao, Joao},
  Booktitle                = {{2011 IEEE International Symposium on Assembly and Manufacturing (ISAM)}},
  Year                     = {2011},
  Doi                      = {10.1109/ISAM.2011.5942351},
  ISBN                     = {978-1-61284-342-1},
  Month                    = {may},
  Pages                    = {1--6},
  Publisher                = {IEEE},
  Url                      = {http://ieeexplore.ieee.org/lpdocs/epic03/wrapper.htm--arnumber=5942351},
  Timestamp                = {2016.04.05},
}

@Inproceedings{RIBEIRO2011e,
  Title                    = {{IT support of mechatronic networks: A brief survey}},
  Author                   = {RIBEIRO, Luis and Candido, G and Barata, José and Schuetz, S and Hofmann, A and Cândido, Goncalo and Barata, José and Schuetzy, Steffen and Hofmanny, Andreas},
  Booktitle                = {{Proceedings - ISIE 2011: 2011 IEEE International Symposium on Industrial Electronics}},
  Year                     = {2011},
  Doi                      = {10.1109/ISIE.2011.5984428},
  ISBN                     = {9781424493128},
  Pages                    = {1791--1796},
  Timestamp                = {2016.04.05},
}

@Inproceedings{RIBEIRO2014,
  Title                    = {{A network inference tool for JADE-based systems}},
  Author                   = {RIBEIRO, Luis and Dias-Ferreira, Joao and Moura, Catarina and Barata, Jose},
  Booktitle                = {{2014 12th IEEE International Conference on Industrial Informatics (INDIN)}},
  Year                     = {2014},
  Doi                      = {10.1109/INDIN.2014.6945546},
  ISBN                     = {978-1-4799-4905-2},
  Month                    = {jul},
  Pages                    = {398--403},
  Publisher                = {IEEE},
  Url                      = {http://ieeexplore.ieee.org/lpdocs/epic03/wrapper.htm--arnumber=6945546},

  __markedentry            = {[hiramaral:6]},
  Owner                    = {hiramaral},
  Timestamp                = {2016.04.05}
}

@Inproceedings{RIBEIRO2013a,
  Title                    = {{A study of JADE's messaging RTT performance using distinct message exchange patterns}},
  Author                   = {RIBEIRO, L and Rocha, A and Barata, J},
  Booktitle                = {{Industrial Electronics Society, IECON 2013 - 39th Annual Conference of the IEEE}},
  Year                     = {2013},
  Doi                      = {10.1109/IECON.2013.6700366},
  ISBN                     = {1553-572X},
  Pages                    = {7410--7415},
     Address = { USA },
     Publisher                = { IEEE},
  Timestamp                = {2016.04.05},
}

@Inproceedings{RIBEIRO2012a,
  Title                    = {{A product handling technical architecture for multiagent-based mechatronic systems}},
  Author                   = {RIBEIRO, L and Rocha, A and Barata, J},
  Booktitle                = {{IECON 2012 - 38th Annual Conference on IEEE Industrial Electronics Society}},
  Year                     = {2012},
  Doi                      = {10.1109/IECON.2012.6389190},
  ISBN                     = {1553-572X},
  Pages                    = {4342--4347},
     Address = {USA},
     Publisher                = {IEEE},
  Timestamp                = {2016.04.05},
}

@Inproceedings{RIBEIRO2012b,
  Title                    = {{A structural analysis of emerging production systems}},
  Author                   = {RIBEIRO, L and Rosa, R and Barata, J},
  Booktitle                = {{Industrial Informatics (INDIN), 2012 10th IEEE International Conference on}},
  Year                     = {2012},
  Doi                      = {10.1109/INDIN.2012.6301359},
  Pages                    = {223--228},
     Address = {USA},
     Publisher                = {IEEE},
  Timestamp                = {2016.04.05},
}

@Inproceedings{ROCHA2014,
  Title                    = {{A Multi Agent Architecture to Support Self-organizing Material Handling}},
  Author                   = {ROCHA, Andre and Ribeiro, Luis and Barata, JosÃ©},
  Booktitle                = {{Technological Innovation for Collective --}},
  Year                     = {2014},
  Doi                      = {10.1007/978-3-642-54734-8_11},
  ISBN                     = {978-3-642-54733-1},
  Pages                    = {93--100},
  Publisher                = {Springer Berlin Heidelberg},
  Url                      = {http://link.springer.com/chapter/10.1007/978-3-642-54734-8\_11},
  Volume                   = {423},
  Timestamp                = {2016.04.05},
}

@Article{ROSA2013c,
  Title                    = {{Assessing self-organization and emergence in Evolvable Assembly Systems (EAS)}},
  Author                   = {ROSA, RPG},
  Year                     = {2013}
}

@Article{ROTONDI2013,
  Title                    = {{IoT @ Work WP 1 ------ PLUG\&WORK IOT REQUIREMENT ASSESSMENT AND ARCHITECTURE D1.3 ------ Final framework architecture specification}},
  Author                   = {ROTONDI, D and Piccione, S and Altomare, G and Houyou, A M and Gessner, J and Kloukinas, C and Mahbub, K and Trsek, H},
  Year                     = {2013},
  Pages                    = {1--135},
  Timestamp                = {2016.04.05},
}

@Article{RUMBAUGH1991,
  Title                    = {Object-Oriented Modeling and Design},
  Author                   = {RUMBAUGH, James},
  Year                     = {1991},
     Address = { New York },
     Publisher                = {Prentice-Hall International Inc },
  Timestamp                = {2016.04.05},
}

@Book{RUMBAUGH2006,
  Title                    = {Modelagem e objetos baseados em projetos },
  Author                   = {RUMBAUGH, JAMES et all; tradução Daniel Vieira.},
  Date                     = {2006},
  Year                     = {2006},
     Address = { Brasil },
     Publisher                = { Elsevier},
  Timestamp                = {2016.04.05},
}

@Book{Russell_Norvig1995,
  Title                    = {Artificial Intelligence A Modern Approach },
  Author                   = {Stuart J. Russell and Peter Norvig},
  Date                     = {1995},
  Year                     = {1995},
     Address = { New Jersey -- USA },
     Publisher                = { Prentice-Hall Inc.},
     
     
     
  ISBN                     = {0-13-103805-2},
}

@Article{SAMPAIO2007,
  Title                    = {{Estudos de revisão sistemática: um guia para síntese criteriosa da evidência científica}},
  Author                   = {SAMPAIO, Rf and Mancini, Mc},
  Year                     = {2007},
  Doi                      = {10.1590/S1413-35552007000100013},
  ISSN                     = {1413-3555},
  Pages                    = {83--89},
  Volume                   = {11},
  ISBN                     = {1413-3555},
  Journal                  = {Revista Brasileira de Fisioterapia},
  Keywords                 = {rct; synthesis of the literature; systematic review},
  Owner                    = {hiramaral},
  Timestamp                = {2016.04.05}
}

@Inproceedings{STANKOVIC2014,
  Title                    = {{Research Directions for the Internet of Things}},
  Author                   = {STANKOVIC, JOHN A.},
  Booktitle                = {{IEEE Internet of Things Journal}},
  Year                     = {2014},
  Doi                      = {10.1109/JIOT.2014.2312291},
  Number                   = {1},
  Pages                    = {1--1},
  Url                      = {http://ieeexplore.ieee.org/lpdocs/epic03/wrapper.htm--arnumber=6774858},
  Volume                   = {1},
  ISSN                     = {2327-4662},
     Address = { USA },
     Publisher                = {Internet of Things Journal, IEEE},
  Timestamp                = {2016.04.05}
}

@Inproceedings{UEDA1992,
  Title                    = {{A Concept for Bionic Manufacturing Systems Based on DNA-type Information, PROLAMAT Conference, Man in CIM. Tokyo, Japan, 24-26 June 1992.- pp. 853-863, 1992.}},
  Author                   = {UEDA, Kanji},
  Booktitle                = {{Proceedings of the IFIP TC5 / WG5.3 Eight International PROLAMAT Conference on Human Aspects in Computer Integrated Manufacturing}},
  Year                     = {1992},
  Pages                    = {853--863},
     Address = { Tokyo -- Japan },
     Publisher                = { PROLAMAT Conference},
  Timestamp                = {2016.04.05},
}

@Article{URKEN2012,
  Title                    = {{Designing evolvable systems in a framework of robust, resilient and sustainable engineering analysis}},
  Author                   = {URKEN, Arnold B and Nimz, Arthur and Schuck, Tod M and Buck, Arthur and Schuck, Tod M},
  Year                     = {2012},
  Doi                      = {10.1016/j.aei.2012.05.006},
  ISSN                     = {14740346},
  Pages                    = {553--562},
  Volume                   = {26},
  Journal                  = {Advanced Engineering Informatics},
  Publisher                = {Elsevier Ltd},
  Timestamp                = {2016.04.05}
}

@Inproceedings{VANBRUSSEL1998,
  Title                    = {{Reference architecture for holonic manufacturing systems: PROSA}},
  Author                   = {{VAN BRUSSEL}, Hendrik and Wyns, Jo and Valckenaers, Paul and Bongaerts, Luc and Peeters, Patrick},
  Booktitle                = {{Computers in Industry}},
  Year                     = {1998},
  Doi                      = {10.1016/S0166-3615(98)00102-X},
  ISBN                     = {0166-3615},
  Pages                    = {255--274},
  Volume                   = {37},
  ISSN                     = {01663615},
     Address = { UK },
     Publisher                = {Elsevier},
  Timestamp                = {2016.04.05},
}

@Article{VANSCHUPPEN2011,
  Title                    = {{Control of Distributed Systems: Tutorial and Overview}},
  Author                   = {{VAN SCHUPPEN}, Jan H and Boutin, Olivier and Kempker, Pia I and Komenda, Jan and Masopust, Tomas and Pambakian, Nicola and Ran, AndrÃ© C M},
  Year                     = {2011},
  Doi                      = {10.3166/ejc.17.579-602},
  ISSN                     = {09473580},
  Pages                    = {579--602},
  Volume                   = {17},
  Journal                  = {European Journal of Control},
  Owner                    = {hiramaral},
  Timestamp                = {2016.04.05},
}

@Article{VYATKIN2011,
  Title                    = {{IEC 61499 as Enabler of Distributed and Intelligent Automation: State-of-the-Art Review}},
  Author                   = {VYATKIN, V},
  Year                     = {2011},
  Doi                      = {10.1109/TII.2011.2166785},
  Number                   = {4},
  Pages                    = {768--781},
  Url                      = {http://ieeexplore.ieee.org/xpl/articleDetails.jsp--arnumber=6021366},
  Volume                   = {7},
  ISBN                     = {1551-3203},
  Journal                  = {Industrial Informatics, IEEE Transactions on},
  Owner                    = {hiramaral},
  Timestamp                = {2016.04.05},
}

@Article{VYATKIN2009,
  Title                    = {{The IEC 61499 standard and its semantics - Bridging the Gap Between PLC Programming Languages and Distributed Systems}},
  Author                   = {VYATKIN, Valeriy},
  Year                     = {2009},
  Number                   = {December 2009},
  Pages                    = {40--48},
  Url                      = {http://ieeexplore.ieee.org/xpl/articleDetails.jsp--arnumber=5352482},
  Volume                   = {3},
  Journal                  = {Industrial Electronics Magazine, IEEE},
  Owner                    = {hiramaral},
  Timestamp                = {2016.04.05},
}

@Article{VYATKIN2013,
  Title                    = {{Software Engineering in Industrial Automation :}},
  Author                   = {VYATKIN, VALERY Valeriy VALERY},
  Year                     = {2013},
  Doi                      = {10.1109/TII.2013.2258165},
  Month                    = aug,
  Number                   = {3},
  Pages                    = {1234--1249},
  Url                      = {file:///C:/Users/SICPE/Desktop/SIAPE_bib/SIAPE_GRUPO CONTROLE/SIAPE_CAL2/ieee/33_IEEE_06502240.pdf},
  Volume                   = {9},

  __markedentry            = {[hiramaral:6]},
  Journal                  = {Industrial Informatics, IEEE Transactions on},
  Owner                    = {hiramaral},
  Shorttitle               = {Industrial Informatics, IEEE Transactions on},
  Timestamp                = {2016.04.05}
}

@Article{WOOLDRIDGE2002,
  Title                    = {{An Introduction to MultiAgent Systems.}},
  Author                   = {M. WOOLDRIDGE},
  Year                     = {2002},
  Editor                   = {John Wiley \& Sons Ltd},
  Timestamp                = {2016.04.05},
}

@Article{WOOLDRIDGE2007,
  Title                    = {{Developing Multi-Agent Systems with Jade.}},
  Author                   = {M. WOOLDRIDGE},
  Year                     = {2007},
  Editor                   = {John Wiley \& Sons},
  Timestamp                = {2016.04.05},
}

@Inproceedings{ZANELLA2014,
  Title                    = {{Internet of Things for Smart Cities}},
  Author                   = {ZANELLA, Andrea and Bui, Nicola and Castellani, Angelo and Vangelista, Lorenzo and Zorzi, Michele},
  Booktitle                = {{IEEE Internet of Things Journal}},
  Year                     = {2014},
  Doi                      = {10.1109/JIOT.2014.2306328},
  Number                   = {1},
  Pages                    = {1--1},
  Url                      = {http://ieeexplore.ieee.org/lpdocs/epic03/wrapper.htm--arnumber=6740844},
  Volume                   = {1},
  ISSN                     = {2327-4662},
  Owner                    = {hiramaral},
  Timestamp                = {2016.04.05},
}

@Article{ZUCOLOTTO2014,
  Title                    = {{Hard Sciences, Biomedical and Engineering}},
  Author                   = {ZUCOLOTTO, VALTENCIR},
  Year                     = {2014},
  Url                      = {http://www.escritacientifica.com/en/},
  Timestamp                = {2016.04.05},
}

